/home/snorre/references/Master-Thesis.bib