/Users/snorre/.bibinputs/Master-Thesis.bib